@book{agrestiCategoricalDataAnalysis2018,
  title = {Categorical {{Data Analysis}}},
  author = {Agresti, Alan},
  year = {2018},
  publisher = {{Wiley}}
}

@article{foxGoodnessFit2015,
  title = {Goodness of {{Fit}}},
  author = {Fox, John},
  year = {2015},
  journal = {Wiley}
}

@book{montgomeryIntroductionLinearRegression2012,
  title = {Introduction to {{Linear Regression Analysis}}},
  author = {Montgomery, Douglas},
  year = {2012},
  publisher = {{Wiley}}
}

@misc{zotero-1,
  type = {Misc}
}

@book{zotero-2,
  type = {Book}
}
